@misc{bitdepth,
  author = {Teledyne Lumenera},
  title = {{AN IN-DEPTH LOOK AT BIT DEPTH}},
  howpublished = "\url{https://www.lumenera.com/blog/bit-depth/}",
  year = {2016}, 
  note = "[Online; accessed 13-October-2023]"
}
@misc{Swienegel,
  author = {Swienegel},
  title = {{Bilinear interpolation}},
  howpublished = "\url{https://commons.wikimedia.org/w/index.php?curid=124957943}",
}